<?xml version="1.0" encoding="UTF-8"?><record xmlns="http://www.loc.gov/MARC21/slim" xmlns:cinclude="http://apache.org/cocoon/include/1.0" xmlns:zs="http://www.loc.gov/zing/srw/">
  <leader>00501nz  a2200133n  4500</leader>
  <controlfield tag="001">no 96009967 </controlfield>
  <controlfield tag="003">DLC</controlfield>
  <controlfield tag="005">19960228051702.7</controlfield>
  <controlfield tag="008">960227n| acannaab|          |n ana     c</controlfield>
  <datafield tag="010" ind1=" " ind2=" ">
    <subfield code="a">no 96009967 </subfield>
  </datafield>
  <datafield tag="035" ind1=" " ind2=" ">
    <subfield code="a">(OCoLC)oca04016696 </subfield>
  </datafield>
  <datafield tag="040" ind1=" " ind2=" ">
    <subfield code="a">OCl-FM</subfield>
    <subfield code="c">OCl-FM</subfield>
  </datafield>
  <datafield tag="110" ind1="2" ind2="0">
    <subfield code="a">King's Ransom (Musical group)</subfield>
  </datafield>
  <datafield tag="670" ind1=" " ind2=" ">
    <subfield code="a">King's Ransom (Musical group). Between the X and the big boom [SR] p1995:</subfield>
    <subfield code="b">container (King's Ransom) insert (Chuck Ace Ellis, Joe De Stefano, Chuck Lucas, Bartimaeus De Stefano, Carter Salmons)</subfield>
  </datafield>
</record>